<?xml version="1.0" encoding="UTF-8"?><record xmlns="http://www.loc.gov/MARC21/slim" xmlns:cinclude="http://apache.org/cocoon/include/1.0" xmlns:zs="http://www.loc.gov/zing/srw/">
  <leader>00690cz  a2200181n  4500</leader>
  <controlfield tag="001">nr 97029263 </controlfield>
  <controlfield tag="003">DLC</controlfield>
  <controlfield tag="005">20080822080729.0</controlfield>
  <controlfield tag="008">970819n| acannaabn          |b aaa      </controlfield>
  <datafield tag="010" ind1=" " ind2=" ">
    <subfield code="a">nr 97029263 </subfield>
  </datafield>
  <datafield tag="035" ind1=" " ind2=" ">
    <subfield code="a">(OCoLC)oca04411358</subfield>
  </datafield>
  <datafield tag="040" ind1=" " ind2=" ">
    <subfield code="a">DLC-R</subfield>
    <subfield code="b">eng</subfield>
    <subfield code="c">DLC-R</subfield>
    <subfield code="d">OCoLC</subfield>
  </datafield>
  <datafield tag="100" ind1="1" ind2=" ">
    <subfield code="a">Yi, Tʻae-jin,</subfield>
    <subfield code="d">1954-</subfield>
  </datafield>
  <datafield tag="400" ind1="1" ind2=" ">
    <subfield code="a">李泰鎭,</subfield>
    <subfield code="d">1954-</subfield>
  </datafield>
  <datafield tag="667" ind1=" " ind2=" ">
    <subfield code="a">Machine-derived non-Latin script reference project.</subfield>
  </datafield>
  <datafield tag="667" ind1=" " ind2=" ">
    <subfield code="a">Non-Latin script reference not evaluated.</subfield>
  </datafield>
  <datafield tag="670" ind1=" " ind2=" ">
    <subfield code="a">Uri nara kiŏp ŭi hwanʼgyŏng tʻuja kyumo chʻugye, 1992:</subfield>
    <subfield code="b">t.p. verso (Yi Tʻae-jin; Sŏultae Paksa Kwajŏng)</subfield>
  </datafield>
  <datafield tag="670" ind1=" " ind2=" ">
    <subfield code="a">Taehak yg., 1994</subfield>
    <subfield code="b">(Yi Tʻae-jin; b. 10-20-54 in Kyŏngbuk; assoc. prof., Yŏngnamdae)</subfield>
  </datafield>
</record>